<record><leader>00000cas a2200000 a 4500</leader><controlfield tag="001">11388810</controlfield><controlfield tag="008">841115d18721883ksuwr ne      0   a0eng  </controlfield><controlfield tag="009">848</controlfield><datafield ind1=" " ind2=" " tag="010"><subfield code="a">sn 85032573 </subfield></datafield><datafield ind1=" " ind2=" " tag="040"><subfield code="a">KSW</subfield><subfield code="b">eng</subfield><subfield code="c">KSW</subfield><subfield code="d">NPT</subfield><subfield code="d">NPX</subfield><subfield code="d">OBN</subfield><subfield code="d">OCL</subfield><subfield code="d">OCLCQ</subfield><subfield code="d">DLC</subfield><subfield code="d">CUI</subfield><subfield code="d">DLC</subfield><subfield code="d">OCLCF</subfield></datafield><datafield ind1=" " ind2=" " tag="012"><subfield code="l">a</subfield></datafield><datafield ind1="1" ind2=" " tag="022"><subfield code="a">2158-9062</subfield><subfield code="2">1</subfield></datafield><datafield ind1="1" ind2=" " tag="029"><subfield code="a">AU@</subfield><subfield code="b">000024692634</subfield></datafield><datafield ind1=" " ind2=" " tag="042"><subfield code="a">pcc</subfield><subfield code="a">nsdp</subfield></datafield><datafield ind1=" " ind2=" " tag="043"><subfield code="a">n-us-ks</subfield></datafield><datafield ind1="0" ind2="0" tag="050"><subfield code="a">Newspaper</subfield></datafield><datafield ind1=" " ind2="4" tag="050"><subfield code="a">AN</subfield></datafield><datafield ind1=" " ind2="4" tag="222"><subfield code="a">The Wichita city eagle</subfield></datafield><datafield ind1="0" ind2="4" tag="245"><subfield code="a">The Wichita city eagle.</subfield></datafield><datafield ind1="1" ind2=" " tag="246"><subfield code="a">Eagle</subfield><subfield code="f">Mar. 29-Apr. 12, 1883</subfield></datafield><datafield ind1="1" ind2=" " tag="246"><subfield code="a">Wichita eagle</subfield></datafield><datafield ind1=" " ind2=" " tag="260"><subfield code="a">Wichita, Kan. :</subfield><subfield code="b">Marshall M. Murdock</subfield></datafield><datafield ind1=" " ind2=" " tag="300"><subfield code="a">v.</subfield></datafield><datafield ind1=" " ind2=" " tag="310"><subfield code="a">Weekly</subfield></datafield><datafield ind1="0" ind2=" " tag="362"><subfield code="a">Vol. 1, no. 1 (Apr. 12, 1872)-v. 12, no. 3 (Apr. 12, 1883).</subfield></datafield><datafield ind1=" " ind2=" " tag="530"><subfield code="a">Archived issues are available in digital format as part of the Library of Congress Chronicling America online collection.</subfield></datafield><datafield ind1=" " ind2="0" tag="651"><subfield code="a">Wichita (Kan.)</subfield><subfield code="v">Newspapers.</subfield></datafield><datafield ind1=" " ind2="0" tag="651"><subfield code="a">Sedgwick County (Kan.)</subfield><subfield code="v">Newspapers.</subfield></datafield><datafield ind1=" " ind2="7" tag="655"><subfield code="a">Newspapers.</subfield><subfield code="2">fast</subfield><subfield code="0">(OCoLC)fst01423814</subfield></datafield><datafield ind1=" " ind2="7" tag="651"><subfield code="a">Kansas</subfield><subfield code="z">Sedgwick County.</subfield><subfield code="2">fast</subfield><subfield code="0">(OCoLC)fst01209406</subfield></datafield><datafield ind1=" " ind2="7" tag="651"><subfield code="a">Kansas</subfield><subfield code="z">Wichita.</subfield><subfield code="2">fast</subfield><subfield code="0">(OCoLC)fst01207210</subfield></datafield><datafield ind1=" " ind2=" " tag="752"><subfield code="a">United States</subfield><subfield code="b">Kansas</subfield><subfield code="c">Sedgwick</subfield><subfield code="d">Wichita.</subfield></datafield><datafield ind1="0" ind2="8" tag="776"><subfield code="i">Online version:</subfield><subfield code="t">Wichita city eagle</subfield><subfield code="w">(OCoLC)192107581</subfield></datafield><datafield ind1="0" ind2="0" tag="785"><subfield code="t">Wichita eagle (Wichita, Kan. : 1883)</subfield><subfield code="x">2159-3752</subfield><subfield code="w">(DLC)sn 85032575</subfield><subfield code="w">(OCoLC)12636967</subfield></datafield><datafield ind1="4" ind2="1" tag="856"><subfield code="u">http://www.loc.gov/chroniclingamerica/lccn/sn85032573/issues</subfield></datafield></record>